
@book{1,
  author = {John L. Hennessy and David A. Patterson},
  year = {2019},
  title = {Computer Architecture. A Quantitative Approach},
  publisher = {Morgan Kaufmann},
  edition = {6}
}

@article{2,
	title={An Efficient Algorithm for Exploiting Multiple Arithmetic Units},
	author={Robert Marco Tomasulo},
	journal={IBM Journal of Research and Development},
	volume={11},
	year={1967},
	publisher={IBM}
}

@misc{3,
 year = {2002},
 author={Luna and Gang},
 title  = "{The Study on the Optimality of Tomasuloâ€™s Algorithm}",
 howpublished = "\url{https://courses.cs.washington.edu/courses/cse548/02wi/files/pdf/final/Luna-and-Gang.pdf}",
 note   = "Last accessed 2022-04-09",
}

