

@inproceedings{AhrenInvestigatingDB,
	title={Investigating DRAM bank partitioning},
	author={Christina Åhrén and Ida Nyblad}
}

